<?xml version="1.0" encoding="UTF-8"?><record xmlns="http://www.loc.gov/MARC21/slim" xmlns:cinclude="http://apache.org/cocoon/include/1.0" xmlns:zs="http://www.loc.gov/zing/srw/">
  <leader>01770cz  a2200313n  4500</leader>
  <controlfield tag="001">no2010118386</controlfield>
  <controlfield tag="003">DLC</controlfield>
  <controlfield tag="005">20150725125249.0</controlfield>
  <controlfield tag="008">100722n| azannaabn          |a aaa     c</controlfield>
  <datafield tag="010" ind1=" " ind2=" ">
    <subfield code="a">no2010118386</subfield>
  </datafield>
  <datafield tag="035" ind1=" " ind2=" ">
    <subfield code="a">(OCoLC)oca08567761</subfield>
  </datafield>
  <datafield tag="040" ind1=" " ind2=" ">
    <subfield code="a">ICU</subfield>
    <subfield code="b">eng</subfield>
    <subfield code="e">rda</subfield>
    <subfield code="c">ICU</subfield>
    <subfield code="d">UPB</subfield>
    <subfield code="d">DLC</subfield>
    <subfield code="d">UPB</subfield>
    <subfield code="d">DLC</subfield>
  </datafield>
  <datafield tag="046" ind1=" " ind2=" ">
    <subfield code="f">19721011</subfield>
  </datafield>
  <datafield tag="100" ind1="1" ind2=" ">
    <subfield code="a">Ast, Rodney</subfield>
  </datafield>
  <datafield tag="372" ind1=" " ind2=" ">
    <subfield code="a">Greek language</subfield>
    <subfield code="a">Greek literature</subfield>
    <subfield code="a">Latin language</subfield>
    <subfield code="a">Latin literature</subfield>
    <subfield code="a">Manuscripts, Greek (Papyri)</subfield>
    <subfield code="2">lcsh</subfield>
  </datafield>
  <datafield tag="373" ind1=" " ind2=" ">
    <subfield code="a">Universität Heidelberg</subfield>
    <subfield code="2">naf</subfield>
  </datafield>
  <datafield tag="373" ind1=" " ind2=" ">
    <subfield code="a">Columbia University</subfield>
    <subfield code="2">naf</subfield>
  </datafield>
  <datafield tag="374" ind1=" " ind2=" ">
    <subfield code="a">College teachers</subfield>
    <subfield code="2">lcsh</subfield>
  </datafield>
  <datafield tag="374" ind1=" " ind2=" ">
    <subfield code="a">Papyrologist</subfield>
  </datafield>
  <datafield tag="375" ind1=" " ind2=" ">
    <subfield code="a">male</subfield>
  </datafield>
  <datafield tag="377" ind1=" " ind2=" ">
    <subfield code="a">eng</subfield>
    <subfield code="a">ger</subfield>
  </datafield>
  <datafield tag="378" ind1=" " ind2=" ">
    <subfield code="q">Rodney L.</subfield>
  </datafield>
  <datafield tag="510" ind1="2" ind2=" ">
    <subfield code="w">r</subfield>
    <subfield code="i">Employer:</subfield>
    <subfield code="a">Universität Heidelberg</subfield>
  </datafield>
  <datafield tag="670" ind1=" " ind2=" ">
    <subfield code="a">Late Antique and Byzantine papyri in the collection of the Friedrich-Schiller-Universitaet Jena, 2008:</subfield>
    <subfield code="b">title page (Rodney L. Ast)</subfield>
  </datafield>
  <datafield tag="670" ind1=" " ind2=" ">
    <subfield code="a">Late antique Greek papyri in the collection of the Friedrich-Schiller-Universität Jena (P. Jena II), 2010:</subfield>
    <subfield code="b">t.p. (Rodney Ast)</subfield>
  </datafield>
  <datafield tag="670" ind1=" " ind2=" ">
    <subfield code="a">Universität Heidelberg, via WWW, 25 March 2014</subfield>
    <subfield code="b">(Dr. Rodney Ast; faculty; research interests: Greek and Latin Papyrology, Paleography and Textual Criticism; Late Antiquity; Roman Egypt and North Africa; Greek and Latin Language and Literature; Digital Humanities; Education: Grinnell College, BA, 1995; University of Toronto, MA, 1997, PhD, 2007; associated with Universität Heidelberg since 2009; taught at Columbia University, 2007-2009)</subfield>
  </datafield>
  <datafield tag="670" ind1=" " ind2=" ">
    <subfield code="a">Rodney L. Ast business card, via WWW, 25 March 2014</subfield>
    <subfield code="b">(project coordinator, digital programs, Columbia University)</subfield>
  </datafield>
  <datafield tag="670" ind1=" " ind2=" ">
    <subfield code="a">Das Telefonbuch, via WWW, 25 March 2014</subfield>
    <subfield code="b">(Rodney L. Ast; Heidelberg)</subfield>
  </datafield>
  <datafield tag="670" ind1=" " ind2=" ">
    <subfield code="a">Ancestry.com, 25 March 2014</subfield>
    <subfield code="b">(Rodney L. Ast; born 11 October 1972)</subfield>
  </datafield>
</record>